@String{pacmpl = "Proceedings of the ACM on Programming Languages"}

@Book{griewank-walther,
  author       = "Andreas Griewank and Andrea Walther",
  title        = "Evaluating derivatives -- principles and techniques of
                 algorithmic differentiation, Second Edition",
  publisher    = "{SIAM}",
  year         = "2008",
  URL          = "https://doi.org/10.1137/1.9780898717761",
}

@Article{radul-al-23,
  author       = "Alexey Radul and Adam Paszke and Roy Frostig and
                 Matthew J. Johnson and Dougal Maclaurin",
  title        = "You Only Linearize Once: Tangents Transpose to
                 Gradients",
  journal      = pacmpl,
  volume       = "7",
  number       = "POPL",
  month        = jan,
  year         = "2023",
  URL          = "https://arxiv.org/abs/2204.10923",
}
